@manual{lamport1994latex,
  title     = {LaTeX: A Document Preparation System},
  author    = {Leslie Lamport},
  year      = {1994},
  edition   = {2nd},
  publisher = {Addison-Wesley},
  address   = {Reading, Massachusetts},
  note      = {The original manual for LaTeX by its creator}
}

@book{mittelbach2023latexcompanion,
  title     = {The {\LaTeX} Companion},
  author    = {Frank Mittelbach and Michel Goossens},
  year      = {2023},
  edition   = {3rd},
  publisher = {Addison-Wesley},
  note      = {Comprehensive guide to advanced LaTeX features and packages}
}

@manual{amsmath2023,
  title     = {User’s Guide for the amsmath Package},
  author    = {{American Mathematical Society}},
  year      = {2023},
  url       = {https://ctan.org/pkg/amsmath},
  note      = {Documentation for amsmath, the core LaTeX math package}
}

@manual{mathtools2023,
  title     = {Mathtools: Mathematical Tools to Use with amsmath},
  author    = {Madsen, Rasmus and others},
  year      = {2023},
  url       = {https://ctan.org/pkg/mathtools},
  note      = {Extension package providing additional features to amsmath}
}

@manual{bm2022,
  title     = {The bm Package – Bold Symbols in Mathematics},
  author    = {Frank Mittelbach},
  year      = {2022},
  url       = {https://ctan.org/pkg/bm},
  note      = {Package used for bold math symbols in LaTeX}
}

@manual{unicode-math2024,
  title     = {The unicode-math Package},
  author    = {Will Robertson},
  year      = {2024},
  url       = {https://ctan.org/pkg/unicode-math},
  note      = {Package enabling Unicode-based OpenType math fonts}
}

@online{overleaf-math,
  title     = {LaTeX Mathematics},
  author    = {{Overleaf Documentation Team}},
  year      = {2024},
  url       = {https://www.overleaf.com/learn/latex/Mathematics},
  note      = {Online guide for mathematical typesetting in LaTeX}
}

@online{wikibooks-latex-math,
  title     = {LaTeX/Mathematics},
  author    = {{Wikibooks contributors}},
  year      = {2025},
  url       = {https://en.wikibooks.org/wiki/LaTeX/Mathematics},
  note      = {Free educational resource about math mode in LaTeX}
}
